@online{dockerDoc:online,
    title = {Docker Docs: How to build, share, and run applications | Docker Documentation},
    url = {https://docs.docker.com/},
    urldate = {30/05/2023}
}

@online{ansibleDoc:online,
    title = {Ansible Documentation},
    url = {https://docs.ansible.com/},
    urldate = {30/05/2023}
}

@online{RESTCoun99:online,
    title = {REST Countries},
    url = {https://restcountries.com/#endpoints-similar-projects},
    urldate = {31/05/2023}
}

@online{craftbra55:online,
    title = {craftbrak},
    url = {https://github.com/craftbrak/},
    urldate = {31/05/2023}
}

@online{Usingwor49:online,
    title = {Using workflows - GitHub Docs},
    url = {https://docs.github.com/en/actions/using-workflows},
    urldate = {31/05/2023}
}

@online{TypeScri50:online,
    title = {TypeScript: JavaScript With Syntax For Types.},
    url = {https://www.typescriptlang.org/},
    urldate = {31/05/2023}
}

@online{SassSynt24:online,
    title = {Sass: Syntactically Awesome Style Sheets},
    url = {https://sass-lang.com/},
    urldate = {31/05/2023}
}

@online{JinjaThe11:online,
    title = {Jinja | The Pallets Projects},
    url = {https://palletsprojects.com/p/jinja/},
    urldate = {31/05/2023}
}

@online{Markdown57:online,
    title = {Markdown — Wikipédia},
    url = {https://fr.wikipedia.org/wiki/Markdown#:~:text=Markdown%20est%20un%20langage%20de,dans%20sa%20forme%20non%20format%C3%A9e.},
    urldate = {31/05/2023}
}

@online{LaTeX—Wi69:online,
    title = {LaTeX — Wikipédia},
    url = {https://fr.wikipedia.org/wiki/LaTeX},
    urldate = {31/05/2023}
}

@online{NestJSAp67:online,
    title = {NestJS - A progressive Node.js framework},
    url = {https://nestjs.com/},
    urldate = {31/05/2023}
}

@online{Angular86:online,
    title = {Angular},
    url = {https://angular.io/},
    urldate = {31/05/2023}
}

@online{TypeORMA41:online,
    title = {TypeORM - Amazing ORM for TypeScript and JavaScript (ES7, ES6, ES5). Supports MySQL, PostgreSQL, MariaDB, SQLite, MS SQL Server, Oracle, WebSQL databases. Works in NodeJS, Browser, Ionic, Cordova and Electron platforms.},
    url = {https://typeorm.io/},
    urldate = {31/05/2023}
}

@online{passport9:online,
    title = {passport - npm},
    url = {https://www.npmjs.com/package/passport},
    urldate = {31/05/2023}
}

@online{AngularM50:online,
    title = {Angular Material UI component library},
    url = {https://material.angular.io/},
    urldate = {31/05/2023}
}

@online{Home–Ang72:online,
    title = {Apollo Angular},
    url = {https://the-guild.dev/graphql/apollo-angular},
    urldate = {31/05/2023}
}

@online{Introduc33:online,
    title = {Apollo Server - Apollo GraphQL Docs},
    url = {https://www.apollographql.com/docs/apollo-server/},
    urldate = {31/05/2023}
}

@online{API—Open50:online,
    title = {API — OpenStreetMap Wiki},
    url = {https://wiki.openstreetmap.org/wiki/API},
    urldate = {31/05/2023}
}

@online{WebAPISp43:online,
    title = {Web API | Spotify for Developers},
    url = {https://developer.spotify.com/documentation/web-api},
    urldate = {31/05/2023}
}

@online{JSLibrar55:online,
    title = {DiceBear | JS-Library },
    url = {https://www.dicebear.com/how-to-use/js-library},
    urldate = {31/05/2023}
}

@online{StackOve24:online,
    title = {Stack Overflow - Where Developers Learn, Share, \& Build Careers},
    url = {https://stackoverflow.com/},
    urldate = {31/05/2023}
}

@online{HotQuest86:online,
    title = {Hot Questions - Stack Exchange},
    url = {https://stackexchange.com/},
    urldate = {31/05/2023}
}

@online{1TechnoT44:online,
    title = {Techno Tim - YouTube},
    url = {https://www.youtube.com/@technotim},
    urldate = {31/05/2023}
}

@online{technoti52:online,
    title = {techno-tim/k3s-ansible: The easiest way to bootstrap a self-hosted High Availability Kubernetes cluster. A fully automated HA k3s etcd install with kube-vip, MetalLB, and more},
    url = {https://github.com/techno-tim/k3s-ansible},
    urldate = {31/05/2023}
}