%! Author = louis
%! Date = 28-10-22

@online{DockerDoc:online,
    title = {Docker Docs: How to build, share, and run applications | Docker Documentation},
    url = {https://docs.docker.com/},
    urldate = {30/05/2023}
}

@online{AnsibleDoc:online,
    title = {Ansible Documentation},
    url = {https://docs.ansible.com/},
    urldate = {30/05/2023}
}